<record><leader>00000cas a22000007a 4500</leader><controlfield tag="001">3815689</controlfield><controlfield tag="008">780420c19659999cauwr ne      0    0eng d</controlfield><datafield ind1=" " ind2=" " tag="010"><subfield code="a">sn 86091369 </subfield></datafield><datafield ind1=" " ind2=" " tag="040"><subfield code="a">COA</subfield><subfield code="b">eng</subfield><subfield code="c">COA</subfield><subfield code="d">UNP</subfield><subfield code="d">NJW</subfield><subfield code="d">CNK</subfield><subfield code="d">OCLCQ</subfield></datafield><datafield ind1=" " ind2=" " tag="032"><subfield code="a">479900</subfield><subfield code="b">USPS</subfield></datafield><datafield ind1=" " ind2=" " tag="042"><subfield code="a">msc</subfield></datafield><datafield ind1=" " ind2=" " tag="090"><subfield code="a">AN2</subfield><subfield code="b">.S28</subfield></datafield><datafield ind1="0" ind2="0" tag="245"><subfield code="a">San Francisco Sunday examiner &amp; chronicle.</subfield></datafield><datafield ind1="3" ind2="0" tag="246"><subfield code="a">San Francisco Sunday examiner and chronicle</subfield></datafield><datafield ind1="1" ind2="7" tag="246"><subfield code="a">San Francisco examiner</subfield></datafield><datafield ind1="1" ind2="7" tag="246"><subfield code="a">San Francisco chronicle</subfield></datafield><datafield ind1=" " ind2=" " tag="260"><subfield code="a">San Francisco, Calif. :</subfield><subfield code="b">[San Francisco Newspaper Print. Co.]</subfield></datafield><datafield ind1=" " ind2=" " tag="300"><subfield code="a">v. :</subfield><subfield code="b">ill. ;</subfield><subfield code="c">58 cm.</subfield></datafield><datafield ind1=" " ind2=" " tag="310"><subfield code="a">Weekly</subfield></datafield><datafield ind1="1" ind2=" " tag="362"><subfield code="a">Began in 1965?</subfield><subfield code="z">Ayers, 1966.</subfield></datafield><datafield ind1=" " ind2=" " tag="500"><subfield code="a">Publisher's name recorded in: Ayers, 1966.</subfield></datafield><datafield ind1=" " ind2=" " tag="525"><subfield code="a">Includes supplements.</subfield></datafield><datafield ind1=" " ind2=" " tag="580"><subfield code="a">Combined Sunday issue of: San Francisco examiner, and: San Francisco chronicle.</subfield></datafield><datafield ind1=" " ind2=" " tag="588"><subfield code="a">Description based on: Vol. 1986, no. 14 (Apr. 6, 1986).</subfield></datafield><datafield ind1=" " ind2=" " tag="752"><subfield code="a">United States</subfield><subfield code="b">California</subfield><subfield code="c">San Francisco</subfield><subfield code="d">San Francisco.</subfield></datafield><datafield ind1="1" ind2=" " tag="787"><subfield code="t">San Francisco examiner</subfield><subfield code="w">(DLC)sn 82006825</subfield><subfield code="w">(OCoLC)1764973</subfield></datafield><datafield ind1="1" ind2=" " tag="787"><subfield code="t">San Francisco chronicle</subfield><subfield code="w">(DLC)sn 82003402</subfield><subfield code="w">(OCoLC)8812614</subfield></datafield><datafield ind1=" " ind2=" " tag="936"><subfield code="a">RECORD REPORTED FOR DELETION--USE #8812614, #1764973</subfield></datafield><datafield ind1="1" ind2=" " tag="029"><subfield code="a">AU@</subfield><subfield code="b">000025798301</subfield></datafield></record>